@book{Heinecke2012,
author = {Heinecke, Andreas M},
doi = {10.1007/978-3-642-13507-1},
isbn = {978-3-642-13506-4},
pages = {386},
title = {{Mensch-Computer-Interaktion. Basiswissen f{\"{u}}r Entwickler und Gestalter}},
url = {http://link.springer.com/10.1007/978-3-642-13507-1},
year = {2012}
}
