%%%%%%%
%Literaturverzeichnis
%%%%%%%%%%%%%%%%%%%%%%%%%%%%%%

%modulare Anlagen
@article{Obst2013,
author = {Obst, M. and Holm, T. and Bleuel, S. and Claussnitzer, U. and Evetz, L. and J{\"{a}}ger, T. and Nekolla, T. and Pech, S. and Schmitz, S. and Urbas, L.},
journal = {atp edition},
number = {1-2},
month = {01},
pages = {24--31},
title = {{Automatisierung im Life Cycle modularer Anlagen}},
volume = {55},
year = {2013}
}
@article{Urbas2012,
author = {Urbas, Leon and Bleuel, Stephan and J{\"{a}}ger, Tobias and Schmitz, Stephan and Evetz, Lars and Nekolla, Tobias},
doi = {10.1140/epje/i2017-11542-4},
journal = {atp edition},
month = {01},
number = {1-2},
pages = {44--53},
title = {{Automatisierung von Prozessmodulen}},
volume = {54},
year = {2012}
}
@misc{ZVEI2015,
editor = {Zentralverband Elektrotechnik-  und Elektronikindustrie e.V.},
title = {{Modulbasierte Produktion in der Prozessindustrie - Auswirkungen auf die Automation im Umfeld von Industrie 4.0}},
year = {2015},
month = {02},
address = {Frankfurt am Main}
}
@misc{NAMURArbeitskreis1.122013,
author = {{NAMUR}},
title = {{NE 148: Anforderungen an die Automatisierungstechnik durch die Modularisierung verfahrenstechnischer Anlagen}},
year = {2013},
month = {10}
}

@article{Bernshausen2016,
author = {Bernshausen, J. and Haller, A. and Holm, T. and Hoernicke, M. and Obst, M. and Ladiges, J.},
journal = {atp edition},
pages = {72--81},
number = {1-2},
month = {01},
title = {{Namur Modul Type Package - Definition}},
volume = {58},
year = {2016},
doi = {10.17560/atp.v58i01-02.554 }
}
@article{Ladiges2018,
author = {Ladiges, J. and K{\"{o}}cher, A. and Clement, P. and Bloch, H. and Holm, T. and Altmann, P. and Fay, A.},
journal = {at - Automatisierungstechnik},
number = {5},
pages = {418--437},
title = {{Entwurf, Modellierung und Verifikation von Serviceabh{\"{a}}ngigkeiten in Prozessmodulen}},
volume = {66},
year = {2018},
doi = {10.1515/auto-2017-0076}
}
@article{Muller2017,
author = {M{\"{u}}ller, Romy and Urbas, Leon},
doi = {10.1002/cite.201700029},
journal = {Chemie-Ingenieur-Technik},
number = {11},
pages = {1409--1420},
title = {{Cognitive Challenges of Changeability: Multi-Level Flexibility for Operating a Modular Chemical Plant}},
volume = {89},
year = {2017}
}
@article{Muller2018,
author = {M{\"{u}}ller, Romy},
doi = {10.1007/s10111-018-0489-8},
journal = {Cognition, Technology and Work},
number = {1},
pages = {113-131},
title = {{Cognitive challenges of changeability: adjustment to system changes and transfer of knowledge in modular chemical plants}},
volume = {21},
year = {2018}
}
@article{Bloch2017,
author = {Bloch, H. and Hensel, S. and Hoernicke, M. and Stark, K. and Menschner, A. and Urbas, L.and Fay, A. and Knohl, T. and Bernshausen, J. and Haller, A.},
journal = {atp edition},
pages = {46--57},
title = {{Zustandsbasierte F{\"{u}}hrung modularer Prozessanlagen}},
volume = {59},
number = {10},
year = {2017},
month = {11},
doi = {10.17560/atp.v59i10.1899}
}
@phdthesis{Hensel2019,
author = {S. Hensel and A. Menschner and H. Bloch and S. Heinze and M. Hoernicke and K.Stark and T. Knohl and J. Bernshausen and G.Lustig and A. Wittenbrink, A. Fay and L. Urbas},
title = {A Service-oriented orchestration and visualization approach for the state-based control of modular process plants},
year = {2019},
type = {Technischer Bericht},
school = {TU Dresden, Institut für Prozessleittechnik, Arbeitsgruppe Systemverfahrenstechnik}
}

%Problemsolving
@book{Funke2015,
address = {Stuttgart},
author = {Funke, Joachim},
edition = {1. Auflage},
publisher = {Kohlhammer},
title = {{Probleml{\"{o}}sendes Denken}},
year = {2003}
}
@article{Dorner1984,
author = {D{\"{o}}rner, Dietrich},
number = {1},
pages = {10--20},
title = {{Denken, Probleml{\"{o}}sen und Intelligenz}},
journal = {Psychologische Rundschau},
volume = {XXXV},
year = {1984}
}
@book{Betsch2011,
address = {Berlin Heidelberg},
author = {Betsch, Tilmann and Funke, Joachim and Plessner, Henning},
publisher = {Springer-Verlag},
title = {{Denken - Urteilen, Entscheiden, Probleml{\"{o}}sen}},
year = {2011}
}
@incollection{Kluwe1997,
address = {Z{\"{u}}rich},
title = {Informationsverarbeitung, Wissen und mentale Modelle beim Umgang mit komplexen Systemen},
booktitle = {St{\"{o}}rungsmanagement und Diagnosekompetenz: Leistungskritisches Denken und Handeln in komplexen technischen Systemen},
publisher = {vdf Hochschulverlag},
author = {Rainer H. Kluwe},
editor = {Karlheinz Sonntag},
year = {1997},
pages = {13--37},
}
@article{Sherdian1988,
author = {Sheridan, Thomas},
year = {1988},
month = {12},
pages = {?},
title = {Task Analysis, Task Allocation and Supervisory Control},
journal = {Handbook of human-computer interaction},
doi = {10.1016/B978-044481862-1/50071-6}
}

%Kollaboration
@article{Patel2012,
author = {Patel, Harshada and Pettitt, Michael and Wilson, John R.},
doi = {10.1016/j.apergo.2011.04.009},
journal = {Applied Ergonomics},
number = {1},
pages = {1--26},
title = {{Factors of collaborative working: A framework for a collaboration model}},
volume = {43},
year = {2012}
}
@article{Rummel1958,
author = {Rummel, Nikol and Spada, Hans},
doi = {10.1207/s15327809jls1402_2},
journal = {The Journal of the Learning Sciences},
number = {2},
title = {{Learning to Collaborate: An Instructional Approach to Promoting Collaborative Problem Solving in Computer-Mediated Settings}},
volume = {14},
year = {2005},
pages = {201-241},
publisher = {Routledge},
}
@phdthesis{Jermann2004,
author = {Jermann, Patrick},
title = {{Computer Support for Interaction Regulation in Collaborative Problem-Solving}},
year = {2004},
type = {Doktorarbeit},
school = {Universität Genf}
}

%Kommunikation
@book{Rohner2016,
author = {R{\"{o}}hner, Jessica and Sch{\"{u}}tz, Astrid},
doi = {10.1007/978-3-658-10024-7},
title = {{Psychologie der Kommunikation}},
publisher = {Springer Fachmedien},
year = {2016},
address = {Wiesbaden}
}

%Assistenz
@misc{DudenAssistenz,
title = {Assistenz},
organization={Duden online},
url = {https://www.duden.de/node/673565/revisions/1971304/view},
urldate={2019-01-03},
}
@misc{DudenAssistieren,
title = {assistieren},
organization={Duden online},
url = {https://www.duden.de/node/750355/revisions/1783324/view},
urldate={2019-01-03}
}
@misc{Sheridan1978,
author = {Thomas B. Sheridan and William L. Verplank},
title = {Human and Computer control of undersea teleoperators},
year = {1978},
address = {Cambridge},
url = {https://apps.dtic.mil/dtic/tr/fulltext/u2/a057655.pdf},
institution = {Massachusetts Institute of Technology, Man-Machine Systems Laboratory}
}


@InCollection{Dalgleish2007,
author = {Alexander Schlie{\ss}mann},
title = {iProduction, die Mensch-Maschine-Kommunikation in der Smart Factory},
booktitle = {{Industrie 4.0 in Produktion, Automatisierung und Logistik}},
pages = {451--480},
publisher = {Springer Vieweg},
year = {2007},
editor = {Bauernhansl, T. and ten Hompel, M. and Vogel-Heuser, B.},
doi = {10.1007/978-3-658-04682-8_22},
}
@InCollection{Poetter2007,
author = {Thorsten P{\"{o}}tter and Jens Folmer and Birgit Vogel-Heuser},
title = {Enabling Industrie 4.0 - Chancen und Nutzen f{\"{u}}r die Prozessindustrie},
booktitle = {{Industrie 4.0 in Produktion, Automatisierung und Logistik}},
pages = {159--171},
publisher = {Springer Vieweg},
year = {2007},
editor = {Bauernhansl, Thomas and ten Hompel, Michael and Vogel-Heuser, Brigit},
doi = {10.1007/978-3-658-04682-8_8},
address = {Wiesbaden}
}


@article{Weisner2018,
author = {Weisner, K. and Knittel, M. and Wischniewski, S. and Jaitner, T. and Enderlein, H. and Kuhlang, P. and Deuse, J.},
number = {10},
pages = {598--601},
title = {{Assistenzsystem zur Individualisierung der Arbeitsgestaltung}},
journal = {ZWF Zeitschrift für wirtschaftlichen Fabrikbetrieb},
volume = {111},
year = {2016},
doi = {10.3139/104.111609}
}
@article{Wandke2005,
author = {Wandke, H.},
doi = {10.1109/ETFA.2014.7005150},
journal = {Theoretical Issues in Ergonomics Science},
number = {2},
pages = {129--155},
title = {{Assistance in human-machine interaction: A conceptual framework and a proposal for a taxonomy}},
volume = {6},
year = {2005}
}
@book{Ludwig,
address = {Berlin Heidelberg},
author = {Ludwig, Bernd},
doi = {10.1007/978-3-662-44819-9},
publisher = {Springer Vieweg},
title = {{Planbasierte Mensch-Maschine-Interaktion in multimodalen Assistenzsystemen}},
year = {2015}
}
@phdThesis{Kasselmann2016,
author = {Kasselmann, Sebastian and Willeke, Stefan},
title = {Interaktive Assistenzsysteme},
institution = {Institut für Integrierte Produktion Hannover},
year = {2016},
type = {Technologie-Kompendium},
url = {https://industrie40.it-haus.com/wp-content/uploads/2016/12/IPH_2016_Assistenz-Systeme.pdf},
}

@Proceedings{Weidner2016,
title = {{Technische Unterst{\"{u}}tzungssysteme, die die Menschen wirklich wollen}},
year = {2016},
editor = {Weidner, Robert},
series = {Zweite Transdisziplin{\"{a}}re Konferenz},
address = {Hamburg},
isbn = {978-3-86818-090-9},
}


@article{Koedinger2007,
author = {Koedinger, Kenneth R. and Aleven, Vincent},
doi = {10.1007/s10648-007-9049-0},
journal = {Educational Psychology Review},
number = {3},
pages = {239--264},
title = {{Exploring the assistance dilemma in experiments with cognitive tutors}},
volume = {19},
year = {2007}
}
@inproceedings{Miller2005,
author = {Christopher A. Miller and Harry Funk and Robert Goldman and John Meisner and Peggy Wu},
title = {Implications of Adaptive vs. Adaptable UIs on Decision
Making: \glqq Why Automated Adaptiveness\grqq \ Is Not Always the
Right Answer},
booktitle = {In Proceedings of the 1st International Conference on Augmented Cognition},
month = {07},
pages = {1180--1189},
year = {2005},
address = {Las Vegas}
}
@article{Sauer2018,
author = {Sauer, Juergen and Chavaillaz, Alain},
doi = {10.1080/1463922X.2017.1297866},
journal = {Theoretical Issues in Ergonomics Science},
number = {2},
pages = {135--155},
publisher = {Taylor {\&} Francis},
title = {{How operators make use of wide-choice adaptable automation: observations from a series of experimental studies}},
volume = {19},
year = {2018}
}
@article{Richey2013,
author = {Richey, J. Elizabeth and Nokes-Malach, Timothy J.},
doi = {10.1016/j.learninstruc.2012.11.006},
journal = {Learning and Instruction},
pages = {104--124},
publisher = {Elsevier Ltd},
title = {{How much is too much? Learning and motivation effects of adding instructional explanations to worked examples}},
volume = {25},
month = {06},
year = {2013}
}
@InProceedings{Schegner2017,
author = {Schegner, L.  and Krauss, M. and Birk, J.  and Urbas, L.},
title = {{Autonomie und Assistenz in der Prozessindustrie}},
booktitle = {Tagungsband Automation 2018},
year = {2018},
month = {07},
address = {Baden-Baden}
}
@InProceedings{•,
author = {•},
title = {•},
booktitle = {•},
OPTcrossref = {•},
OPTkey = {•},
OPTpages = {•},
OPTyear = {•},
OPTeditor = {•},
OPTvolume = {•},
OPTnumber = {•},
OPTseries = {•},
OPTaddress = {•},
OPTmonth = {•},
OPTorganization = {•},
OPTpublisher = {•},
OPTnote = {•},
OPTannote = {•}
}


%HMI
@book{Heinecke2012,
address = {Berlin Heidelberg},
author = {Heinecke, Andreas M.},
doi = {10.1007/978-3-642-13507-1},
edition = {2. Auflage},
publisher = {Springer-Verlag},
title = {{Mensch-Computer-Interaktion. Basiswissen f{\"{u}}r Entwickler und Gestalter}},
year = {2012}
}
@book{Zuhlke2012,
address = {Berlin Heidelberg},
author = {Z{\"{u}}hlke, Detlef},
publisher = {Springer-Verlag},
title = {{Nutzergerechte Entwicklung von Mensch-Maschine-Systemen}},
year = {2012}
}
@book{Herczeg2006,
address = {M{\"{u}}nchen},
author = {Michael Herczeg},
publisher = {Oldenbourg Wissenschaftsverlag},
title = {Interaktionsdesign: Gestaltung interaktiver und multimedialer Systeme},
year = {2006}
}
@misc{ISO9241-110,
author = {DIN EN ISO 9241-110},
publisher = {Deutsche Norm},
title = {{Ergonomie der Mensch-System-Interaktion Teil 110: Grunds{\"{a}}tze der Dialggestaltung}},
month = {09},
year = {2008}
}
@misc{ISO9241-112,
author = {DIN EN ISO 9241-112},
publisher = {Deutsche Norm},
title = {{Ergonomie der Mensch-System-Interaktion
Teil 112: Grunds{\"{a}}tze der Informationsdarstellung}},
month = aug,
year = {2017}
}
@misc{ISO9241-129,
author = {DIN EN ISO 9241-129},
publisher = {Deutsche Norm},
title = {{Ergonomie der Mensch-System-Interaktion
Teil 129: Leitlinien f{\"{u}}r die Individualisierung von Software}},
month = mar,
year = {2011}
}
@misc{VDI2658-Blatt1,
author = {VDI/VDE/NAMUR 2658 Blatt 1},
publisher = {Verein Deutscher Ingenieure},
title = {{Automatisierungstechnisches Engineering modularer Anlagen in der Prozessindustrie Blatt 1: Allgemeines Konzept und Schnittstellen}},
month = jun,
year = {2017}
}
@misc{VDI2658-Blatt3,
author = {VDI/VDE/NAMUR 2658 Blatt 3},
publisher = {Verein Deutscher Ingenieure},
title = {{Automatisierungstechnisches Engineering modularer Anlagen in der Prozessindustrie Blatt 3: Basisbibliothek}},
month = {03},
year = {2019}
}
@misc{VDI2658-Blatt4,
author = {VDI/VDE/NAMUR 2658 Blatt 4},
publisher = {Verein Deutscher Ingenieure},
title = {{Automatisierungstechnisches Engineering modularer Anlagen in der Prozessindustrie Blatt 4: Modellierung von Moduldiensten (Entwurf)}},
month = {},
year = {o.J.}
}

%User Experience
@article{Hassenzahl2008,
author = {Hassenzahl, Marc},
year = {2008},
month = {09},
pages = {11-15},
title = {User experience (UX): Towards an experiential perspective on product quality},
journal = {Proceedings of the 20th Conference on l'Interaction Homme-Machine},
doi = {10.1145/1512714.1512717}
}
@article{Hassenzahl2006,
author = {Hassenzahl, Marc and Tractinsky, Noam},
doi = {10.1080/01449290500330331},
journal = {Behaviour and Information Technology},
number = {2},
pages = {91--97},
pmid = {20152131},
title = {{User experience - A research agenda}},
volume = {25},
year = {2006}
}
@Book{Tullis2008,
author = {Thomas Tullis and Bill Albert},
title = {Measuring the User Experience: Collecting, Analyzing, and Presenting Usability Metrics},
publisher = {{Elsevier Science and Technology}},
year = {2008},
address = {Burlington},
}


%Adaptive Systeme
@InProceedings{Viano2000,
author = {Viano, G. and Parodi, A. and Alty, J. and Khalil, C. and Angulo, I. and Biglino, D. and Crampes, M.and Vaudry, C. and Daurensan, V. and Lachaud, P.},
doi = {10.1145/345513.345316},
booktitle = {Proceedings of the Working Conference on Advanced visual interfaces },
pages = {201--204},
title = {{Adaptive user interface for process control based on multi-agent approach}},
year = {2000},
series = {AVI '00},
publisher = {ACM},
address = {New York}
}
@article{Gajos2008,
author = {Gajos, Krzysztof Z. and Everitt, Katherine and Tan, Desney S. and Czerwinski, Mary and Weld, Daniel S.},
doi = {10.1145/1357054.1357252},
journal = {Proceeding of the twenty-sixth annual CHI conference on Human factors in computing systems},
pages = {1271--1274},
title = {{Predictability and accuracy in adaptive user interfaces}},
year = {2008}
}
@article{Meixner2011,
author = {Meixner, Gerrit},
doi = {10.1007/s00287-011-0546-7},
journal = {Informatik-Spektrum},
number = {4},
pages = {400--404},
title = {{Modellbasierte Entwicklung von Benutzungsschnittstellen}},
volume = {34},
year = {2011}
}
@InProceedings{Park2015,
author = {Park, Kibeom and Lee, Seok-won},
doi = {10.1007/978-3-662-48634-4},
pages = {18--32},
title = {{Model-Based Approach for Engineering Adaptive User Interface Requirements}},
volume = {558},
booktitle = {Requirements Engineering in the Big Data Era},
journal = {Communications in Computer and Information Science},
editor = {Lin Liu and Mikio Aoyama},
year = {2015},
publisher = {Springer-Verlag},
address = {Berlin Heidelberg}
}

%Prozesstechnik
@book{Lauber1999,
address = {Berlin Heidelberg},
author = {Lauber, Rudolf and G{\"{o}}hner,Peter},
edition = {3. Auflage},
publisher = {Springer-Verlag},
title = {Prozessautomatisierung 1},
year = {1999}
}
@book{Kunstler2014,
address = {Frankfurt am Main},
author = {K{\"{u}}nstler, Bernd and Ehm, Hans and Effert, Tom and Geiger, Daniel and Geisenberger, Simon and Kastenholz, Ernst and Neuhaus, Klaus and P{\"{o}}tzsch, Lars and Rimane, Dirk and Zeppin, Manuela and Ginap, Michael and Schober, Christian},
editor = {Korfmann, Laura},
publisher = {ZVEI - Zentralverband Elektrotechnik- und Elektronikindustrie e.V.},
title = {{Leitfaden Supply Chain Management in der Elektronikfertigung}},
year = {2014}
}
@book {UrbasP2012,
author = { Urbas, Leon AND Krause, Annett AND Ziegler, Jens },
title = { Process control systems engineering},
publisher = {Oldenbourg Industrieverlag},
year = {2012},
address = { M{\"{u}}nchen},
}

%Kennzahlen im Produktinsprozess
@book{Gottmann2016,
address = {Wiesbaden},
author = {Gottmann, Juliane},
doi = {10.1007/978-3-658-01951-8},
publisher = {Springer Fachmedien},
title = {{Produktionscontrolling}},
year = {2016}
}

%System Usability
@article{Lewis2018,
author = {Lewis, James R.},
doi = {10.1080/10447318.2017.1418805},
journal = {International Journal of Human-Computer Interaction},
number = {12},
pages = {1148--1156},
publisher = {Taylor {\&} Francis},
title = {{Measuring Perceived Usability: The CSUQ, SUS, and UMUX}},
volume = {34},
year = {2018}
}
@misc{Schrepp2015,
author = {Schrepp, Martin},
year = {2015},
month = {09},
pages = {},
title = {User Experience Questionnaire Handbook},
doi = {10.13140/RG.2.1.2815.0245}
}
@article{Brooke2013,
 author = {Brooke, John},
 title = {SUS: A Retrospective},
 journal = {Journal of Usability Studies},
 issue_date = {February 2013},
 volume = {8},
 number = {2},
 month = feb,
 year = {2013},
 pages = {29--40},
 numpages = {12},
 acmid = {2817913},
 publisher = {Usability Professionals' Association},
 address = {Bloomingdale, IL}
} 

%Sonstige
@article{Bainbridge1983,
author = {Bainbridget, Lisanne},
doi = {10.1016/0005-1098(83)90046-8},
journal = {Automatica},
number = {6},
pages = {775-779},
title = {{Ironies of Automation}},
volume = {19},
year = {1983}
}
@inProceedings{Herczeg2003,
author = {Herczeg, Michael},
pages = {117--131},
title = {{Diagnostische Repositorien zur Unterst{\"{u}}tzung kollaborativer Entscheidungsprozesse}},
booktitle = {Entscheidungsunterstützung für die Fahrzeug- und Prozessführung},
editor = {M. Grandt},
address = {Bonn},
year = {2003}
}
@INPROCEEDINGS{Rahm2018, 
author={J. {Rahm} and M. {Graube} and R. {Müller} and T. {Klaeger} and L. {Schegner} and A. {Schult} and R. {Bönse} and S. {Carsch} and L. {Oehm} and L. {Urbas}}, 
booktitle={Proceedings of the 23rd International Conference on Emerging Technologies and Factory Automation}, 
title={KoMMDia: Dialogue-Driven Assistance System for Fault Diagnosis and Correction in Cyber-Physical Production Systems}, 
year={2018}, 
volume={1}, 
number={}, 
pages={999-1006}, 
doi={10.1109/ETFA.2018.8502615}, 
month={Sep.},
}

@book{Bloech2014,
author = { Bloech, Jürgen and Bogaschewsky, Ronald AND Buscher, Udo AND Daub, Anke AND Götze, Uwe AND Roland, Folker },
title = { Einführung in die Produktion },
edition = { 7. Auflage} ,
publisher = {Springer-Verlag},
year = {2014},
address = { Berlin, Heidelberg},
doi = {10.1007/978-3-642-31893-1}
}

@phdthesis{Funke2018,
author = {Funke, Jan},
school = {TU Dresden},
title = {{Durchg{\"{a}}nge Lebenszyklusunterst{\"{u}}tzung von Process Equipment Assemblies in modularen Anlagen}},
year = {2018},
type = {Diplomarbeit}
}
@phdthesis{Bieber2018,
author = {Jonas Bieber and Meret Feldkemper and Paul Herzig and Konrad Wauer},
school = {TU Dresden},
title = {MMST Dokumentation},
year = {2018},
type = {Studienarbeit}
}
@misc{MaterialDesign,
url = {https://material.io/},
organization={Google},
urldate={2019-04-17}
}

@misc{ColorTool,
url = {https://material.io/tools/color/#!/?view.left=0&view.right=0&primary.color=689F38},
organization={Google},
urldate={2019-04-17}
}

@misc{axure,
url = {https://www.axure.com/},
organization = {Axure Software Solutions, Inc.},
urldate={2019-04-29}
}