Automatically generated by Mendeley Desktop 1.19.2
Any changes to this file will be lost if it is regenerated by Mendeley.

BibTeX export options can be customized via Options -> BibTeX in Mendeley Desktop

@article{Informatik2007,
author = {Informatik, Studiengang Angewandte and Informatik, Angewandte},
file = {:C$\backslash$:/Users/Meret Feldkamper/Documents/Diplomarbeit/Diplomarbeit/Literatur/kollaborativ/Hirschberger{\_}Andreas-kollaboratives{\_}verteiltes{\_}probleml{\"{o}}sen.pdf:pdf},
keywords = {31,abgabedatum,andreas hirschberger,dr,juli 2007,prof,steller,ute schmid},
title = {{Probleml ¨ osen in unbekannten Umgebungen}},
year = {2007}
}
@book{Brandstatter1992,
abstract = {Sonntag, K. (2006). Personalentwicklung in Organisationen. G{\"{o}}ttingen: Hogrefe.},
author = {Brandst{\"{a}}tter, Hermann},
booktitle = {Personalentwicklung in Organisationen - PSychologischer Grundlagen, Methoden und Startegien},
doi = {10.1026/1617-6391.6.3.135},
file = {:C$\backslash$:/Users/Meret Feldkamper/Documents/Diplomarbeit/Diplomarbeit/Literatur/kollaborativ/Sonntag{\_}Karlheinz-Personalentwicklung{\_}in{\_}Organisationen.pdf:pdf},
isbn = {9783801718176},
issn = {1617-6391},
pages = {39--61},
title = {{Personalentwicklung in Organisationen}},
year = {1992}
}
@article{Zumbach2010,
author = {Zumbach, J{\"{o}}rg},
file = {:C$\backslash$:/Users/Meret Feldkamper/Documents/Diplomarbeit/Diplomarbeit/Literatur/kollaborativ/Stahl{\_}Gerry-computerunterst{\"{u}}tztes{\_}kollaboratives{\_}Lernen.pdf:pdf},
isbn = {9783662543733},
journal = {Lernen mit neuen Medien – Instruktionspsychologische Grundlagen},
pages = {153--195},
title = {{Computerunterst{\"{u}}tztes kollaboratives Lernen}},
year = {2010}
}
@article{Hoge2011,
author = {H{\"{o}}ge, Bo},
file = {:C$\backslash$:/Users/Meret Feldkamper/Documents/Diplomarbeit/Diplomarbeit/Literatur/kollaborativ/Hoege{\_}Bo-Shared{\_}Vision{\_}Systems.pdf:pdf},
journal = {TU Berlin},
title = {{Entwicklung und Evaluation eines Shared-Vision-Systems im Kontext hybrider Leistungsb{\"{u}}ndel}},
url = {http://opus4.kobv.de/opus4-tuberlin/files/3147/hoege{\_}bo.pdf},
year = {2011}
}
@article{Herczeg2003,
author = {Herczeg, Michael},
file = {:C$\backslash$:/Users/Meret Feldkamper/Documents/Diplomarbeit/Diplomarbeit/Literatur/kollaborativ/Herczeg{\_}Michael-kollaborative{\_}Entscheidungsprozesse.pdf:pdf},
pages = {117--131},
title = {{Diagnostische Repositorien zur Unterst{\"{u}}tzung kollaborativer Entscheidungsprozesse}},
url = {http://www.imis.uni-luebeck.de/publikationen/Herczeg-DGLR-2003-web.pdf},
year = {2003}
}
